@article{crypto:stevens2006fast,
  title={Fast Collision Attack on MD5.},
  author={Stevens, Marc},
  journal={IACR Cryptology ePrint Archive},
  volume={2006},
  pages={104},
  year={2006}
}

@article{crypto:splash2012,
  title={Worst Passwords of 2012 â€” and How to Fix Them},
  author={SplashData, Inc.},
  year={2012},
  url={http://splashdata.com/press/pr121023.htm},
  urldate={2014-05-18}
}
